@book{JennisonTurnbullBook,
title = {Group Sequential Methods with Applications to Clinical Trials},
publisher = {Chapman and Hall/CRC Press},
author = {Christopher Jennison and Bruce W. Turnbull},
year = {1999}
}


@article{Rosenblum2013AdaptMISTIE,
title = {Adaptive Group Sequential Designs that Balance the Benefits and Risks of Expanding Inclusion Criteria},
author = {Michael Rosenblum and Richard E. Thompson and Brandon Luber and Daniel Hanley},
year = {2013},
journal= {Under Revision}
}

@article{MISTIE_prelim2008,
title = {Preliminary findings of the minimally-invasive surgery plus rtPA for intracerebral hemorrhage evacuation (MISTIE) clinical trial.
},
author = {T Morgan  and M Zuccarello and R Narayan and P Keyl  and K Lane and D Hanley D},
journal = {Acta Neurochir Suppl.},
year = {2008},
volume = {105},
number = {},
pages = {147-51}
}

@misc{Hanley2012,
author={Daniel Hanley},
howpublished={\url{http://braininjuryoutcomes.com/studies/mistie/entry/mistie/international- stroke-conference-2012-mistie-phase-2-results}},
year={2012}
}
%!!?? Is this link still right??


@Manual{knitrBootstrap,
  title = {knitrBootstrap: Knitr Bootstrap framework.},
  author = {Jim Hester},
  year = {2013},
  note = {R package version 0.8.0},
  url = {http://jimhester.github.io/knitrBootstrap},
  numeral = {1},
}

@Manual{knitcitations,
  title = {knitcitations: Citations for knitr markdown files},
  author = {Carl Boettiger},
  year = {2013},
  note = {R package version 0.4-7},
  url = {http://CRAN.R-project.org/package=knitcitations},
  numeral = {1},
}

@article{obrienfleming,
title = {A Multiple Testing Procedure for Clinical Trials},
author = {P.C. O'Brien and T.R. Fleming},
journal = {Biometrics},
year = {1979},
volume = {35},
pages = {549-556}
}


@Manual{knitr,
  title = {knitr: A general-purpose package for dynamic report generation in R},
  author = {Yihui Xie},
  year = {2013},
  note = {R package version 1.4.1},
  url = {http://yihui.name/knitr/},
  numeral = {1},
}

  @Manual{mvtnorm,
    title = {{mvtnorm}: Multivariate Normal and t Distributions},
    author = {Alan Genz and Frank Bretz and Tetsuhisa Miwa and Xuefei
      Mi and Friedrich Leisch and Fabian Scheipl and Torsten Hothorn},
    year = {2013},
    note = {R package version 0.9-9996},
    url = {http://CRAN.R-project.org/package=mvtnorm},
  }